<?xml version="1.0" encoding="UTF-8"?><collection xmlns="http://www.loc.gov/MARC21/slim"><record><leader>00395nam--2200109-i-4500</leader><controlfield tag="001">000035830</controlfield><controlfield tag="002">20161230</controlfield><controlfield tag="005">20161230201040</controlfield><controlfield tag="008">060222s1000------------r-----000-0-eng-d</controlfield><datafield ind1=" " ind2=" " tag="245"><subfield code="a">Nuclear metallurgy. imd special report series. vol. 9: materials for sodium-cooled reactors.s.h. bush, l.r. kelman, chairmans</subfield></datafield><datafield ind1=" " ind2=" " tag="260"><subfield code="a">L.R. Kelman, Ed. And Sherman Greenberg, Co-editor</subfield></datafield><datafield ind1=" " ind2=" " tag="490"><subfield code="a">Special Report Series</subfield></datafield></record></collection>